@book{MS204,
author = {},
title = {},
year = {2024},
publisher= {}



